@inproceedings{bi-mode,
    author = {Lee Chih-Chieh,I-CK Chen,Trevor N Mudge},
    title = {The bi-mode branch predictor },
    booktitle= {Microarchitecture, 1997. Proceedings., Thirtieth Annual IEEE/ACM International Symposium on. IEEE },
    year = {1997 },
}
@inproceedings{improving,
    author = {T. Heil,Z. Smith,and J. E. Smith},
    title = {Improving branch predictors by correlating on data values},
    booktitle= {In 32nd Int. Symp. on Microarchitecture},
    year = {1999 },
}
@inproceedings{mechanism,
    author = {E. Sprangle,R. Chappell,M. Alsup},
    title = {The Agree Predictor: A Mechanism for Reducing Negative Branch History Interference},
    booktitle= {Proc. 24th Ann. Int. Symp. on Computer Architecture},
    year = {1997},
}
@inproceedings{yags,
    author = {A. N. Eden,T. Mudge},
    title = {The YAGS Branch Prediction Scheme},
    booktitle= {MICRO 31 Proceedings of the 31st annual ACM/IEEE international symposium on Microarchitecture},
    year = {1998},
}
@inproceedings{tour,
    author = {Kessler,Richard E},
    title = {The alpha 21264 microprocessor},
    booktitle= {Micro, IEEE},
    year = {1999},
}

@inproceedings{modern,
    author = {John P. Shen,Mikko Lipasti},
    title = {Modern Processor Design: Fundamentals of Superscalar Processors},
    publisher= {Tsinghua University Press},
    year = {2007},
}

@book{mach,
 author = {Wesley E. Snyder, Hairong Qi},
 title = {Machine Vision},
 year = {2004},
 isbn = {978-0-521-83046-1},
 publisher = {Cambridge University Press},
}

@article{tps-origin,
 author = {Bookstein, F. L.},
 title = {Principal Warps: Thin-Plate Splines and the Decomposition of Deformations},
 journal = {IEEE Trans. Pattern Anal. Mach. Intell.},
 issue_date = {June 1989},
 volume = {11},
 number = {6},
 month = jun,
 year = {1989},
 issn = {0162-8828},
 pages = {567--585},
 numpages = {19},
 url = {http://dx.doi.org/10.1109/34.24792},
 doi = {10.1109/34.24792},
 acmid = {66134},
 publisher = {IEEE Computer Society},
 address = {Washington, DC, USA},
 keywords = {biomedical engineering, biomedical images, computer vision, computerised pattern recognition, curving edges, decomposition, deformations, feature extraction, pattern recognition, principal warps, thin-plate splines},
}  
@inproceedings{landmark,
 author = {Johnson, Hans J. and Christensen, Gary E.},
 title = {Landmark and Intensity-Based, Consistent Thin-Plate Spline Image Registration},
 booktitle = {Proceedings of the 17th International Conference on Information Processing in Medical Imaging},
 series = {IPMI '01},
 year = {2001},
 isbn = {3-540-42245-5},
 pages = {329--343},
 numpages = {15},
 url = {http://dl.acm.org/citation.cfm?id=645597.658521},
 acmid = {658521},
 publisher = {Springer-Verlag},
 address = {London, UK, UK},
}

@misc{sift-stanford,
	title = {http://robots.stanford.edu/cs223b04/project9.html},
    author = {Stanford},
}

@misc{yale,
	title = {http://vision.ucsd.edu/content/yale-face-database},
    author = {Yale face database},
}


@article{sift,
 author = {Lowe, David G.},
 title = {Distinctive Image Features from Scale-Invariant Keypoints},
 journal = {Int. J. Comput. Vision},
 issue_date = {November 2004},
 volume = {60},
 number = {2},
 month = nov,
 year = {2004},
 issn = {0920-5691},
 pages = {91--110},
 numpages = {20},
 url = {http://dx.doi.org/10.1023/B:VISI.0000029664.99615.94},
 doi = {10.1023/B:VISI.0000029664.99615.94},
 acmid = {996342},
 publisher = {Kluwer Academic Publishers},
 address = {Hingham, MA, USA},
 keywords = {image matching, invariant features, object recognition, scale invariance},
} 
@inproceedings{sift-impr,
 author = {Alhwarin, Faraj and Wang, Chao and Risti\'{c}-Durrant, Danijela and Gr\"{a}ser, Axel},
 title = {Improved SIFT-features Matching for Object Recognition},
 booktitle = {Proceedings of the 2008 International Conference on Visions of Computer Science: BCS International Academic Conference},
 series = {VoCS'08},
 year = {2008},
 location = {London, UK},
 pages = {179--190},
 numpages = {12},
 url = {http://dl.acm.org/citation.cfm?id=2227536.2227552},
 acmid = {2227552},
 publisher = {British Computer Society},
 address = {Swinton, UK, UK},
 keywords = {SIFT algorithm, images matching, improved SIFT, object recognition},
}
@inproceedings{sift-99,
 author = {Lowe, David G.},
 title = {Object Recognition from Local Scale-Invariant Features},
 booktitle = {Proceedings of the International Conference on Computer Vision-Volume 2 - Volume 2},
 series = {ICCV '99},
 year = {1999},
 isbn = {0-7695-0164-8},
 pages = {1150--},
 url = {http://dl.acm.org/citation.cfm?id=850924.851523},
 acmid = {851523},
 publisher = {IEEE Computer Society},
 address = {Washington, DC, USA},
}
@INPROCEEDINGS{Se01vision-basedmobile,
    author = {Stephen Se and David Lowe and Jim Little},
    title = {Vision-based Mobile Robot Localization And Mapping using Scale-Invariant Features},
    booktitle = {In Proceedings of the IEEE International Conference on Robotics and Automation (ICRA},
    year = {2001},
    pages = {2051--2058}
}
@MISC{att,
    author = {F. S. Samaria and F. S. Samaria *t and A.C. Harter and Old Addenbrooke's Site},
    title = {Parameterisation of a Stochastic Model for Human Face Identification},
    year = {1994}
}  
